<?xml version="1.0" encoding="UTF-8"?>
<collection xmlns:xsi="http://www.w3.org/2001/XMLSchema-instance" xsi:schemaLocation="http://www.loc.gov/MARC21/slim http://www.loc.gov/standards/marcxml/schema/MARC21slim.xsd" xmlns="http://www.loc.gov/MARC21/slim">
<record>
  <leader>00951nam a2200253   4500</leader>
  <controlfield tag="001">2757622</controlfield>
  <controlfield tag="003">NNC</controlfield>
  <controlfield tag="005">20030429134722.0</controlfield>
  <controlfield tag="008">940819s1967    iq abch  b    000 0 ararc</controlfield>
  <datafield tag="010" ind1=" " ind2=" ">
    <subfield code="a">ne 68003672 </subfield>
  </datafield>
  <datafield tag="035" ind1=" " ind2=" ">
    <subfield code="a">(OCoLC)ocm30982575</subfield>
  </datafield>
  <datafield tag="035" ind1=" " ind2=" ">
    <subfield code="9">ARM3310CU</subfield>
  </datafield>
  <datafield tag="040" ind1=" " ind2=" ">
    <subfield code="a">Princeton Univ. Libr.</subfield>
    <subfield code="c">CUY</subfield>
    <subfield code="d">CUY</subfield>
    <subfield code="d">ZCU</subfield>
  </datafield>
  <datafield tag="043" ind1=" " ind2=" ">
    <subfield code="a">a-iq---</subfield>
  </datafield>
  <datafield tag="090" ind1=" " ind2=" ">
    <subfield code="a">DS79.5</subfield>
    <subfield code="b">.S1</subfield>
  </datafield>
  <datafield tag="100" ind1="1" ind2=" ">
    <subfield code="a">Sayyid Wahab, Muḥammad Yūnus al-Sayyid ʻAbd Allāh.</subfield>
  </datafield>
  <datafield tag="245" ind1="1" ind2="0">
    <subfield code="a">Ahamm⁻iyat Tallaʻfar f⁻i thawrat al-ʻIr⁻aq al-kubrá ʻ⁻ama 1920</subfield>
    <subfield code="c">[taʾlīf] Muḥammad Y⁻unus al-Sayyid ʻAbd All⁻ah al-Sayyid Wahab (ʻAbd al-Wahhāb).</subfield>
  </datafield>
  <datafield tag="250" ind1=" " ind2=" ">
    <subfield code="a">al-Ṭabʻah 1.</subfield>
  </datafield>
  <datafield tag="260" ind1=" " ind2=" ">
    <subfield code="a">al-Mawṣil,</subfield>
    <subfield code="b">Maṭbaʻat al-Jumh⁻ur⁻iyah,</subfield>
    <subfield code="c">1967 [i.e. 1968].</subfield>
  </datafield>
  <datafield tag="300" ind1=" " ind2=" ">
    <subfield code="a">256 p.</subfield>
    <subfield code="b">illus., facsims., maps, ports.</subfield>
    <subfield code="c">24 cm.</subfield>
  </datafield>
  <datafield tag="504" ind1=" " ind2=" ">
    <subfield code="a">Includes bibliographical references (p. 243-246)</subfield>
  </datafield>
  <datafield tag="651" ind1=" " ind2="0">
    <subfield code="a">Iraq</subfield>
    <subfield code="x">History</subfield>
    <subfield code="y">Revolt, 1920.</subfield>
  </datafield>
  <datafield tag="651" ind1=" " ind2="0">
    <subfield code="a">Tall ʻAfar (Iraq)</subfield>
  </datafield>
  <datafield tag="955" ind1=" " ind2=" ">
    <subfield code="b">CU52895157</subfield>
    <subfield code="d">off,glx</subfield>
    <subfield code="e">DS79.5 .S1</subfield>
  </datafield>
</record>
</collection>